@Article{ECGSurvey,
author={Luz, Eduardo Jos{\'e} da S.
and Schwartz, William Robson
and C{\'a}mara-Ch{\'a}vez, Guillermo
and Menotti, David},
title={ECG-based heartbeat classification for arrhythmia detection: A survey},
year={2016},
publisher={Elsevier BV},
volume={127},
pages={144-164},
issn={0169-2607},
doi={10.1016/j.cmpb.2015.12.008},
url={http://dx.doi.org/10.1016/j.cmpb.2015.12.008}
}

@Article{Mondejar,
author={Mond{\'e}jar-Guerra, V.
and Novo, J.
and Rouco, J.
and Penedo, M. G.
and Ortega, M.},
title={Heartbeat classification fusing temporal and morphological information of ECGs via ensemble of classifiers},
year={2019},
publisher={Elsevier BV},
volume={47},
pages={41-48},
issn={1746-8094},
doi={10.1016/j.bspc.2018.08.007},
url={http://dx.doi.org/10.1016/j.bspc.2018.08.007}
}

@electronic{MayoClinic,
author = {Edward R. Laskowski},
title = {{What's a normal resting heart rate?}},
year = 2018,
month = Aug,
note = {[Online]. Available: \url{https://www.mayoclinic.org/healthy-lifestyle/fitness/expert-answers/heart-rate/faq-20057979} [Accessed Jan. 21, 2019]},
}

@electronic{WHO,
title = {{Cardiovascular diseases (CVDs)}},
year = 2017,
month = May,
note = {[Online]. Available: \url{https://www.who.int/news-room/fact-sheets/detail/cardiovascular-diseases-(cvds)} [Accessed Feb. 14, 2019]},
}

@Article{Srinivasan2018,
author={Srinivasan, Neil T.
and Schilling, Richard J.},
title={Sudden Cardiac Death and Arrhythmias},
year={2018},
publisher={Medical Media Communications, Ltd. T/A Radcliffe Cardiology},
volume={7},
number={2},
pages={111},
issn={2050-3369},
url={http://dx.doi.org/10.15420/aer.2018:15:2}
}

@electronic{Cleveland,
title = {{Sudden Cardiac Death (Sudden Cardiac Arrest)}},
note = {[Online]. Available: \url{https://my.clevelandclinic.org/health/diseases/17522-sudden-cardiac-death-sudden-cardiac-arrest} [Accessed Jan. 21, 2019]},
}

@Article{Elgendi2014,
author={Elgendi, Mohamed
and Eskofier, Bj{\"o}rn
and Dokos, Socrates
and Abbott, Derek},
title={Revisiting QRS Detection Methodologies for Portable, Wearable, Battery-Operated, and Wireless ECG Systems},
year={2014},
publisher={Public Library of Science (PLoS)},
volume={9},
number={1},
pages={e84018},
issn={1932-6203},
doi={10.1371/journal.pone.0084018},
url={http://dx.doi.org/10.1371/journal.pone.0084018}
}

@Article{Pan1985,
author={Pan, Jiapu
and Tompkins, Willis J.},
title={A Real-Time QRS Detection Algorithm},
year={1985},
publisher={Institute of Electrical and Electronics Engineers (IEEE)},
volume={BME-32},
number={3},
pages={230-236},
issn={0018-9294},
doi={10.1109/tbme.1985.325532},
url={http://dx.doi.org/10.1109/tbme.1985.325532}
}

@Article{Mar2011,
author={Mar, T.
and Zaunseder, S.
and Martinez, Juan Pablo
and Llamedo, Mariano
and Poll, R.},
title={Optimization of ECG Classification by Means of Feature Selection},
year={2011},
publisher={Institute of Electrical and Electronics Engineers (IEEE)},
volume={58},
number={8},
pages={2168-2177},
issn={0018-9294},
doi={10.1109/tbme.2011.2113395},
url={http://dx.doi.org/10.1109/tbme.2011.2113395}
}

@Article{Al-Fahoum1999,
author={Al-Fahoum, A. S.
and Howitt, I.},
title={Combined wavelet transformation and radial basis neural networks for classifying life-threatening cardiac arrhythmias},
year={1999},
publisher={Springer Nature},
volume={37},
number={5},
pages={566-573},
issn={0140-0118},
doi={10.1007/bf02513350},
url={http://dx.doi.org/10.1007/bf02513350}
}

@Article{Osowski2001,
author={Osowski, S.
and Linh, Tran Hoai},
title={ECG beat recognition using fuzzy hybrid neural network},
year={2001},
publisher={Institute of Electrical and Electronics Engineers (IEEE)},
volume={48},
number={11},
pages={1265-1271},
issn={0018-9294},
doi={10.1109/10.959322},
url={http://dx.doi.org/10.1109/10.959322}
}

@Article{Lannoy2010,
author={Gael de Lannoy
and Damien Fran√ßois
and Jean Delbeke
and Michel Verleysen},
title={Weighted SVMs and Feature Relevance Assessment in Supervised Heart Beat Classification},
year={2010},
publisher={ Communications in Computer and Information Science},
volume={127},
pages={212-223},
}

@Inbook{Exarchos2005,
author={Exarchos, T. P.
and Tsipouras, M. G.
and Nanou, D.
and Bazios, C.
and Antoniou, Y.
and Fotiadis, D. I.},
chapter={A platform for wide scale integration and visual representation of medical intelligence in cardiology: the decision support framework},
year={2005},
publisher={IEEE},
isbn={0780393376},
doi={10.1109/cic.2005.1588062},
url={http://dx.doi.org/10.1109/cic.2005.1588062}
}

@Article{Exarchos2007,
author={Exarchos, Themis P.
and Tsipouras, Markos G.
and Exarchos, Costas P.
and Papaloukas, Costas
and Fotiadis, Dimitrios I.
and Michalis, Lampros K.},
title={A methodology for the automated creation of fuzzy expert systems for ischaemic and arrhythmic beat classification based on a set of rules obtained by a decision tree},
year={2007},
publisher={Elsevier BV},
volume={40},
number={3},
pages={187-200},
issn={0933-3657},
doi={10.1016/j.artmed.2007.04.001},
url={http://dx.doi.org/10.1016/j.artmed.2007.04.001}
}

@Article{Kumar2013,
author={Kumar, R.
and Barakat, M. A.
and Daza, Y. A.
and Woodcock, H. L.
and Kuhn, J. N.},
title={EDTA functionalized silica for removal of Cu(II), Zn(II) and Ni(II) from aqueous solution},
year={2013},
publisher={Elsevier BV},
volume={408},
pages={200-205},
issn={0021-9797},
doi={10.1016/j.jcis.2013.07.019},
url={http://dx.doi.org/10.1016/j.jcis.2013.07.019}
}

@Article{Dotsinsky2007,
author={Dotsinsky, Ivan},
title={Review of "Advanced Methods and Tools for ECG Data Analysis", by Gari D. Clifford, Francisco Azuaje and Patrick E. McSharry (Editors)},
year={2007},
publisher={Springer Nature},
volume={6},
number={1},
pages={18},
issn={1475-925X},
doi={10.1186/1475-925x-6-18},
url={http://dx.doi.org/10.1186/1475-925x-6-18}
}

@Article{deChazal2004,
author={deChazal, P.
and O'Dwyer, M.
and Reilly, R. B.},
title={Automatic Classification of Heartbeats Using ECG Morphology and Heartbeat Interval Features},
year={2004},
publisher={Institute of Electrical and Electronics Engineers (IEEE)},
volume={51},
number={7},
pages={1196-1206},
issn={0018-9294},
doi={10.1109/tbme.2004.827359},
url={http://dx.doi.org/10.1109/tbme.2004.827359}
}

@Article{Llamedo2011,
author={Llamedo, Mariano
and Mart{\'i}nez, Juan Pablo},
title={Heartbeat Classification Using Feature Selection Driven by Database Generalization Criteria},
year={2011},
publisher={Institute of Electrical and Electronics Engineers (IEEE)},
volume={58},
number={3},
pages={616-625},
issn={0018-9294},
doi={10.1109/tbme.2010.2068048},
url={http://dx.doi.org/10.1109/tbme.2010.2068048}
}

@Article{Escalona-Moran2015,
author={Escalona-Moran, Miguel Angel
and Soriano, Miguel C.
and Fischer, Ingo
and Mirasso, Claudio R.},
title={Electrocardiogram Classification Using Reservoir Computing With Logistic Regression},
year={2015},
publisher={Institute of Electrical and Electronics Engineers (IEEE)},
volume={19},
number={3},
pages={892-898},
issn={2168-2194},
doi={10.1109/jbhi.2014.2332001},
url={http://dx.doi.org/10.1109/jbhi.2014.2332001}
}

@Inbook{Bazi2013,
author={Bazi, Y.
and Alajlan, N.
and AlHichri, H.
and Malek, S.},
chapter={Domain adaptation methods for ECG classification},
year={2013},
publisher={IEEE},
isbn={9781467352147},
doi={10.1109/iccma.2013.6506156},
url={http://dx.doi.org/10.1109/iccma.2013.6506156}
}

@Inbook{Zhang2005,
author={Zhang, Donghui},
chapter={Wavelet Approach for ECG Baseline Wander Correction and Noise Reduction},
year={2005},
publisher={IEEE},
isbn={0780387414},
doi={10.1109/iembs.2005.1616642},
url={http://dx.doi.org/10.1109/iembs.2005.1616642}
}

























